% Encoding: UTF-8

@Article{gasparovic1969,
  author  = {Neboj\v{s}a Ga\v{s}parovi\'{c}},
  title   = {Fluide und Kreisprozesse f\"{u}r W\"{a}rmekraftanlagen mit gro{\ss}en Einheitsleistungen},
  journal = {Brennstoff-W\"{a}rme-Kraft},
  year    = {1969},
  volume  = {21},
  number  = {7},
  pages   = {347-394},
}


@Article{clausius1850,
  author    = {Rudolf Clausius},
  title     = {Über die bewegende Kraft der Wärme und die Gesetze, welche sich daraus für die Wärmelehre selbst ableiten lassen},
  journal   = {Annalen der Physik},
  year      = {1850},
  volume    = {155},
  number    = {3 u. 4},
  pages     = {368-397 u. 500-524},
}

@Article{keenan1932,
  author  = {J. H. Keenan},
  title   = {A steam chart for second-law analysis},
  journal = {Mech. Eng.},
  year    = {1932},
  volume  = {54},
  pages   = {195--204},
}

@Article{zoder2018,
  author  = {Marius Zoder AND Janosch Balke AND Mathias Hofmann AND George Tsatsaronis},
  title   = {Simulation and Exergy Analysis of Energy Conversion Processes Using a Free and Open-Source Framework—Python-Based Object-Oriented Programming for Gas- and Steam Turbine Cycles},
  journal = {Energies},
  year    = {2018},
  volume  = {11},
  number  = {2609},
}

@Article{tsatsaronis2002c,
  author  = {George Tsatsaronis and Moung-Ho Park},
  title   = {On avoidable and unavoidable exergy destructions and investment costs in thermal systems},
  journal = {Energ. Convers. Manage.},
  year    = {2002},
  volume  = {43},
  pages   = {1259--1270},
}

@Article{baehr1979,
  author  = {H. D. Baehr},
  title   = {Die Exergie der Brennstoffe},
  journal = {Brennstoff-Wärme-Kraft},
  year    = {1979},
  volume  = {31},
  pages   = {292--297},
}

@Book{baehr2012,
  title     = {Thermodynamik},
  publisher = {Springer},
  year      = {2012},
  author    = {Hans Dieter Baehr and Stephan Kabelac},
  address   = {Berlin},
  edition   = {15},
}

@Book{moran2014,
  title     = {Fundamentals of Engineering Thermodynamics},
  publisher = {Wiley},
  year      = {2014},
  author    = {Michael J. Moran and Howard N. Shapiro and Daisie D. Boettner and Margaret B. Bailley},
  address   = {Hoboken, NJ},
  edition   = {8},
}

@Book{weo2016,
  title     = {World Energy Outlook 2016},
  year      = {2016},
  editor    = {{International Energy Agency, IEA}},
  address   = {Paris},
}

@Book{mueller2001,
  title     = {Grundzüge der Thermodynamik},
  publisher = {Springer},
  year      = {2001},
  author    = {Ingo Müller},
  address   = {Berlin},
  edition   = {3},
}

@Book{szargut2007,
  title     = {Egzergia},
  publisher = {Wydawnictwo Politechniki \'{S}l\k{a}skiej},
  year      = {2007},
  author    = {Jan Szargut},
  address   = {Gliwice},
}

@InCollection{lojewski_urban1989,
  author    = {Dirk von Lojewski and Herbert Urban},
  title     = {{Der Zweistoff-Dampfproze{\ss} mit Kalium-/Wasser"-dampf"-kreis"-lauf}},
  booktitle = {Jahrbuch der Dampferzeugungstechnik},
  publisher = {Vulkan},
  year      = {1989},
  editor    = {VGB},
  number    = {6},
  pages     = {79-101},
  address   = {Essen},
}

@Proceedings{spliethoff2010a,
  title     = {Flexibilitäts- und Effizienzsteigerung von Bestandskraftwerken},
  year      = {2010},
  editor    = {Hartmut Spliethoff},
  address   = {Düsseldorf},
  publisher = {VDI Wissensforum},
  owner     = {hofmann},
  timestamp = {2012.03.16},
}    

@InProceedings{fraas1974,
  author    = {A.P. Fraas},
  title     = {Topping and bottoming cycles},
  booktitle = {9$^{th}$ World Energy Conference},
  year      = {1974},
  address   = {Detroit, MI},
  month     = {September},
}

@InProceedings{fraas1975,
  author    = {A.P. Fraas},
  title     = {Heat exchangers for high temperature thermodynamic cycles},
  booktitle = {ASME Winter Meeting},
  year      = {1975},
  address   = {Houston, TX},
  month     = {November},
}

@TechReport{gutstein1975,
  author      = {Martin Gutstein and Edward R. Furman and George M. Kaplan},
  title       = {Liquid-metal Binary Cycles for Stationary Power},
  institution = {National Aeronautics and Space Administration},
  year        = {1975},
  address     = {Washington, D.C.},
  note        = {NASA TN D-7955},
}

@TechReport{nas_3_10606_1968,
  author      = {H. E. Nichols and R. W. Fink and B. L. Moor},
  title       = {Power train for three-stage potassium test turbine -- Final design -- Volume I},
  institution = {General Electric},
  year        = {1968},
  type        = {Report prepared for NASA, contract NAS 3-10606},
  number      = {NASA CR-72411},
  address     = {Cincinnati, OH},
}

@PhdThesis{ruegg1945,
  author    = {Rudolf Ruegg},
  title     = {{Die Ausnutzungsm{\"o}glichkeit der Brennstoffw{\"a}rme bei Kreisprozessen mit mittelbarer W{\"a}rmezufuhr}},
  school    = {Eidgenössische Technische Hochschule Zürich},
  year      = {1945},
  type      = {Dissertation},
  owner     = {hofmann},
  timestamp = {2012.12.12},
}

@PhdThesis{gaggioli1961,
  author = {Richard A. Gaggioli},
  title  = {Thermodynamics and the non-equilibrium system},
  school = {University of Wisconsin-Madison},
  year   = {1961},
}

@Misc{dwsim2018,
  author = {Daniel Medeiros AND Gregor Reichert AND Gustavo León},
  title  = {DWSIM documentation. Version 25.5.2018},
  url    = {http://dwsim.inforside.com.br/},
}

@Misc{goodwin2017,
  author    = {Goodwin, David G and Moffat, Harry K and Speth, Raymond L},
  title     = {Cantera: An Object-Oriented Software Toolkit For Chemical Kinetics, Thermodynamics, And Transport Processes. Version 2.3.0},
  year      = {2017},
  doi       = {10.5281/zenodo.170284},
  keywords  = {chemical kinetics, combustion, thermodynamics, reacting flows},
  publisher = {Zenodo},
}

@Book{papula2014,
  title     = {Mathematik für Ingenieure und Naturwissenschaftler -- Bd. 1},
  publisher = {Springer},
  year      = {2014},
  author    = {Lothar Papula},
  address   = {Wiesbaden},
  edition   = {14},
}

@Book{westermann2011,
  title     = {Mathematik für Ingenieure},
  publisher = {Springer},
  year      = {2011},
  author    = {Thomas Westermann},
  address   = {Heidelberg},
  edition   = {6},
}

@Book{knacke1991,
  title     = {Thermochemical Properties of Inorganic Substances -- I},
  publisher = {Springer},
  year      = {1991},
  editor    = {Ottmar Knacke and Oswald Kubaschewski and Klaus Hesselmann},
  address   = {Berlin},
  edition   = {2},
  groups    = {03 Stoffwerte},
}

@Article{quick2010,
  author  = {Jeffrey C. Quick},
  title   = {Carbon Dioxide Emission Factors for {U.S.} Coal by Origin and Destination},
  journal = {Environ. Sci. Technol.},
  year    = {2010},
  volume  = {44},
  number  = {7},
  pages   = {2709--2714},
}

@Article{markewitz2016,
  author  = {Peter Markewitz},
  title   = {Lebensdaueranalyse fossil gefeuerter Kraftwerke},
  journal = {Z. Energiewirtsch.},
  year    = {2016},
  volume  = {40},
  number  = {3},
  pages   = {171--177},
}

@Book{konstantin2013,
  title     = {Praxisbuch Energiewirtschaft},
  publisher = {Springer},
  year      = {2013},
  author    = {Panos Konstantin},
  address   = {Berlin},
  edition   = {3},
  owner     = {hofmann},
  timestamp = {2014.06.18},
}